@online{Earth,
  author       = {NASA},
  title        = {Earth Fact Sheet},
  year      = {2024},
  url       = {https://nssdc.gsfc.nasa.gov/planetary/factsheet/earthfact.html},
  urldate   = {07-01-2025}
}

@online{Sun,
  author       = {NASA},
  title        = {Sun Fact Sheet},
  year      = {2024},
  url       = {https://nssdc.gsfc.nasa.gov/planetary/factsheet/sunfact.html},
  urldate   = {07-01-2025}
}

@online{Universe,
  author       = {NASA},
  title        = {Universe Glossary N-S},
  year      = {2024},
  url       = {https://science.nasa.gov/universe/glossary/n-s/},
  urldate   = {07-01-2025}
}
